%% start of file `publications.bib'.
%% Copyright 2006-2012 Xavier Danaux (xdanaux at gmail.com).
%
% This work may be distributed and/or modified under the
% conditions of the LaTeX Project Public License version 1.3c,
% available at http://www.latex-project.org/lppl/.


@BOOK{book1,
  author = {{\psolymos} and Valaki Mas},
  title = {Mezeskenyer regeelire},
  publisher = {Publisher X},
  edition = {2nd edition},
  year = {2000},
}

@BOOK{book2,
  author = {Valaki Mas and {\psolymos} and Maci Laci},
  title = {Hupli az uton},
  publisher = {Akad Kiad},
  edition = {1st ed},
  year = {1999},
}

@ARTICLE{misc1,
  AUTHOR = {Deli, T. and \studentname{Tukarcs, V.} and {\psolymos}},
  TITLE = {Malacofaunistical investigation of the Esztramos Hill (NE Hungary).},
  YEAR = 2002,
  JOURNAL = {Malakologiai Tajekoztato},
  VOLUME = 20,
  PAGES = {143--152},
}

@ARTICLE{misc2,
  AUTHOR = {Feher, Zoltan and Deli, Tamas and {\psolymos}},
  TITLE = {REVISION OF GRANARIA FRUMENTUM (DRAPARNAUD 1801) (MOLLUSCA, GASTROPODA, CHONDRINIDAE) SUBSPECIES OCCURRING IN THE EASTERN PART OF THE SPECIES' RANGE},
  YEAR = 2010,
  JOURNAL = {JOURNAL OF CONCHOLOGY},
  VOLUME = 40,
  PAGES = {201--217},
}

@ARTICLE{misc3,
  AUTHOR = {Walker, Steven C. and Guenard, Guillaume and {\psolymos} and Legendre, Pierre},
  TITLE = {Multiple-Table Data in R with the multitable Package},
  YEAR = 2012,
  JOURNAL = {JOURNAL OF STATISTICAL SOFTWARE},
  VOLUME = 51,
  NUMBER = 8,
  PAGES = {1--38},
}


%% end of file `publications.bib'.
