1.	Sólymos, P., Tutkovics, B., Czentye, I. & Páll-Gergely, B. (2007): Adatok a Mecsek-hegység szárazföldi csigafaunájához (Mollusca: Gastropoda) [Data on the land snail fauna of the Mecsek Mountains (S Hungary) (Mollusca: Gastropoda)]. Malakológiai Tájékoztató, 25: 83-94.
2.	Sólymos, P., Gaudényi, T., Deli, T. & Nagy, A. (2004): Data on the land snail fauna of the Fruska Gora Mountain (Serbia) with some biogeographical remarks. Malakológiai Tájékoztató, 22: 149-153.
3.	Domokos, T., Lennert, J. & Sólymos, P. (2004): Száraz holtág malakológiai, mikroklimatológiai vizsgálata a Sarkad-remetei-erdoben (Békés megye), és a Hygromia kovacsi elofordulási körülményei [Malacological and microclimatological examination of a dried out martlake at the Sarkad-Remete Forest (Békés County, Hungary) and the circumstances of the occurrence of Hygromia kovacsi]. Malakológiai Tájékoztató, 22: 87-95.
4.	Deli, T., Tukarcs, V. & Sólymos, P. (2002): Land snails of the Esztramos Hill. Acta Biologica Debreceina, 24: 103-112.
5.	Deli, T., Tukarcs, V. & Sólymos, P. (2002): Malacofaunistical investigation of the Esztramos Hill (NE Hungary). Malakológiai Tájékoztató, 20: 143-152.
6.	Nagy, A. & Sólymos, P. (2002): Relationship between microclimate and Orthoptera assemblages in different exposures of a dolina. Articulata, 17(1): 73-84.
7.	Gálik, K., Deli, T. & Sólymos, P. (2001): Comparative malacological investigations on the Kaszonyi Hill (NE Hungary). Malakológiai Tájékoztató, 19: 81-88.
8.	Sólymos, P. (2001): Data on the habitat preferency of the three Hungarian Truncatellina Lowe (Gastropoda, Vertiginidae) species. Soosiana, 29: 61-72.
9.	Bányai, M. & Sólymos, P. (2001): Néptánc hatása a fizikai képességekre - Empirikus vizsgálatok általános iskolai tanulók körében [Effect of folk dance on physical skills –empirical survey in primary school pupils]. Iskolai Testnevelés és Sport, 2001/7: 14-17.
10.	Sólymos, P. (2000): Data on the recent mollusc fauna of the western part of the Villány Hills, S Hungary. Malakológiai Tájékoztató, 18: 105-108.
11.	Sólymos, P. (2000): Quantitative malacological surveys of the Szársomlyó and the Fekete Hill (Villány Hills, S Hungary). In: Uherkovich, Á. (ed.): A Villányi-hegység botanikai és zoológiai alapfelmérése. Dunántúli Dolgozatok (A) Természettudományi Sorozat, 10: 111-120.
12.	Varga, A., Uherkovich, Á. & Sólymos, P. (2000): A Villányi-hegység és környéke malakofaunisztikai vizsgálatának eddigi eredményei (Mollusca) [Results of the malacofaunistic examinations (Mollusca) of the Villány Hills and its environs, South Hungary]. In: Uherkovich, Á. (ed.): A Villányi-hegység botanikai és zoológiai alapfelmérése. Dunántúli Dolgozatok (A) Természettudományi Sorozat, 10: 89-110.
13.	Sólymos, P. (1999): Data on the recent mollusc fauna of the Fekete Hill (Villány Hills, S Hungary). Malakológiai Tájékoztató, 17: 83-87.
14.	Sólymos, P. & Domokos, T. (1999): A possible connection between macroclimate and shell morphometry of Granaria frumentum (Draparnaud, 1801) (Gastropoda, Chondrinidae). Malakológiai Tájékoztató, 17: 75-82.
15.	Sólymos, P. & Sümegi, P. (1999): Shell morpho-thermometer method and its application in palaeoclimatic reconstruction. Annales Universitatis Scientiarum Budapestensis, Sectio Geologica, 32: 137-148.
16.	Sólymos, P. & Nagy, A. (1997): The recent mollusc fauna of the Szársomlyó (S Hungary): spatial pattern and microclimate. Malakológiai Tájékoztató, 16: 35-42.
17.	Sólymos, P. (1996): Ecological and biogeographical investigation of the recent mollusc fauna of Szársomlyó (S Hungary), southern side. Malakológiai Tájékoztató, 15: 61-67.
