1.	Sólymos, P. (2008): Hátukon a házuk - Keménykötésu puhatestuek. In: Dosztányi, I. (ed.) Sokszólamú újjászületés. Útravaló a tudás birodalmából - A természet fortélyai 2. TermészetBÚVÁR Kiskönyvtár, Vol. 2., Budapest, pp. 63-70. [Carrying a house on their back: hard guys with soft body – reprint book]
2.	Sólymos, P. (2008): Vízicsigák, kagylók: édesvizeink mészpáncélosai. Természet Búvár, 63 (3): 2-5. [Aquatic snails and clams: armored in the freshwaters]
3.	Sólymos, P. (2005): Hátukon a házuk - Keménykötésu puhatestuek. Természet Búvár, 60(5): 16-18. [Carrying a house on their back: hard guys with soft body]
4.	Anonymous (=Sólymos, P.) (2005): A tengerek meghódítása. Élet és Tudomány, 2005/45: 1434. [Conquering the sea]
5.	S. P. (=Sólymos, P.) (2005): Bekebelezett ostor. Élet és Tudomány, 2005/51-52: 1654. [Endosymbiotic flagellum]
6.	S. P. (=Sólymos, P.) (2005): Kihaló csemegék. Élet és Tudomány, 2005/51-52: 1654-1655. [Delicious snacks on the way of extinction]
7.	Sólymos, P. (2002): A csiga-paradoxon. Természet Világa, 133(6): 246-250. [The paradox of the snails]
