@article{ stralberg2015:paperpr,
  Author = { D. Stralberg and S. M. Matsuoka
      and A. Hamann and E. M. Bayne and
      {\psolymos} and F. K. A. Schmiegelow and X. Wang
      and S. G. Cumming and S. J. Song},
  Title = {Projecting boreal bird responses to climate change: 
      the signal exceeds the noise},
  Journal = {Ecological Applications},
  Year = {2015},
  Volume = {25},
  Pages = {52--59},
}

@article{ patino2015:paperpr,
  Author = { Jairo Pati{\~{n}}o
      and {\psolymos}
      and Mark Carine
      and Patrick Weigelt
      and Holger Kreft
      and Alain Vanderpoorten},
  Title = {Island floras are not necessarily more species-poor than 
      continental ones},
  Journal = {Journal of Biogeography},
  Year = {2015},
  Volume = {42},
  Pages = {8--10},
}

@article{ matsuoka2014:paperpr,
  Author = {Matsuoka, S. M. and
      Mahon, C. L. and
      Handel, C. M. and
      {\psolymos} and
      Bayne, E. M. and
      Fontaine, P. C. and
      Ralph, C. J.},
  Title = {Reviving common standards in point-count surveys
      for broad inference across studies},
  Journal = {Condor},
  Year = {2014},
  Volume = {116},
  Pages = {599--608},
}

@article{ patino2014:paperpr,
  Author = { Jairo Pati{\~{n}}o
      and Patrick Weigelt
      and Fran{\c{c}}ois Guilhaumon
      and Holger Kreft
      and Kostas A. Triantis
      and Agust\'{i}n Naranjo 
      and {\psolymos}
      and Alain Vanderpoorten},
  Title = {Differences in species-area relationships
      among the major lineages of land plants: 
      a macroecological perspective },
  Journal = {Global Ecology and Biogeography},
  Year = {2014},
  Volume = {23},
  Pages = {1275--1283},
}

@article{ kemencei2014:paperpr,
  Author = {\studentname{Kemencei, Z.} and
      Farkas, R. and
      \studentname{P\'{a}ll-Gergely, B.} and 
      Vilisics, F. and
      Nagy, A. and
      Hornung, E. and
      {\psolymos}},
  Title = {Microhabitat associations of land snails in forested dolinas:  
      implications for coarse filter conservation},
  Journal = {Community Ecology},
  Year = {2014},
  Volume = {15},
  Pages = {180--186},
}

@article{ burton2014:paperpr,
  Author = {Burton, C. and
      Huggard, D. and
      Bayne, E. and 
      Schieck, J. and
      {\psolymos} and
      Muhly, T. and
      Farr, D. and
      Boutin, S.},
  Title = {A framework for adaptive monitoring of the 
      cumulative effects of human footprint on biodiversity},
  Journal = {Environmental Monitoring and Assessment},
  Year = {2014},
  Volume = {186},
  Pages = {3605--3617},
}

@article{ cumming2014:paperpr,
  Author = {Cumming, S. and Stralberg, D. and Lefevre, K. and 
    {\psolymos} and Bayne, E. and Fang, S. and Fontaine, T. and 
    Mazerolle, D. and Schmiegelow, F. and Song, S.},
  Title = {Climate and vegetation hierarchically structure 
    patterns of songbird distribution in the {C}anadian boreal region},
  Journal = {Ecography},
  Year = {2014},
  Volume = {36},
  Pages = {137--151},
}

@article{ mahon2014:paperpr,
  Author = {Mahon, C. L. and 
      Bayne, E. M. and
      {\psolymos} and
      Matsuoka, S. M. and
      Carlson, M. and
      Dzus, E. and
      Schmiegelow, F. K. A. and
      Cumming, S. G. and
      Song, S. J.},
  Title = {Does expected future landscape condition support 
      proposed population objectives for boreal birds?},
  Journal = {Forest Ecology and Management},
  Year = {2014},
  Volume = {312},
  Pages = {28--39},
}

@article{ solymos2013:paperpr,
  Author = {{\psolymos} and Matsuoka, S. M. and Bayne, E. M. and
     Lele, S. R. and Fontaine, P. and Cumming, S. G. and
     Stralberg, D. and Schmiegelow, F. K. A. and Song, S. J.},
  Title = {Calibrating indices of avian density from non-standardized 
      survey data: making the most of a messy situation},
  Journal = {Methods in Ecology and Evolution},
  Year = {2013},
  Volume = {4},
  Pages = {1047--1058},
}

@article{ walker2012:paperpr,
  Author = {Walker, S. C. and Guenard, G. and {\psolymos} and
     Legendre, P.},
  Title = {Multiple-Table Data in {R} with the multitable Package},
  Journal = {Journal of Statistical Software},
  Year = {2012},
  Volume = {51},
  Number = {8},
  Pages = {1--38},
}

@article{ mayor2012:paperpr,
  Author = {Mayor, S. J. and Cahill, Jr., J. F. and He, F. and 
    {\psolymos} and Boutin, S.},
  Title = {Regional boreal biodiversity peaks at intermediate 
    human disturbance},
  Journal = {Nature Communications},
  Year = {2012},
  Volume = {3},
  Pages = {{DOI}: 10.1038/ncomms2145},
}

@article{ matsuoka2012:paperpr,
  Author = {Matsuoka, S. M. and Bayne, E. M. and {\psolymos} 
    and Fontaine, P. C. and Cumming, S. G. and 
    Schmiegelow, F. K. A. and Song, S. J.},
  Title = {Using binomial distance-sampling models to estimate 
    the effective detection radius of point-count surveys across 
    boreal {C}anada},
  Journal = {Auk},
  Year = {2012},
  Volume = {129},
  Number = {2},
  Pages = {268--282},
}

@article{ solymos2012a:paperpr,
  Author = {{\psolymos} and Lele, S. R. and Bayne, E.},
  Title = {Conditional likelihood approach for analyzing single visit abundance
   survey data in the presence of zero inflation and detection error},
  Journal = {Environmetrics},
  Year = {2012},
  Volume = {23},
  Number = {2},
  Pages = {197--205},
}

@article{ solymos2012b:paperpr,
  Author = {{\psolymos} and Lele, S. R.},
  Title = {Global pattern and local variation in species-area relationships},
  Journal = {Global Ecology and Biogeography},
  Year = {2012},
  Volume = {21},
  Number = {2},
  Pages = {109--120},
}

@article{ vilisics2011:paperpr,
  Author = {Vilisics, F. and {\psolymos} and Nagy, A. 
     and Farkas, R. and \studentname{Kemencei, Z.} and Hornung, E.},
  Title = {Small scale gradient effects on isopods ({C}rustacea: {O}niscidea) in
     karstic sinkholes},
  Journal = {Biologia},
  Year = {2011},
  Volume = {66},
  Number = {3},
  Pages = {499--505},
}

@article{ kemencei2011:paperpr,
  Author = {\studentname{Kemencei, Z.} and Hornung, E. and Vilisics, F. and {\psolymos}},
  Title = {\'{E}l{\H{o}}helyek term\'{e}szetv\'{e}delmi \'{e}rt\'{e}kel\'{e}se
  sz\'{a}razf\"{o}ldi csig\'{a}k seg\'{i}ts\'{e}g\'{e}vel 
  erd{\H{o}}rezerv\'{a}tumok p\'{e}ld\'{a}j\'{a}n bemutatva
  [{C}onservation biological habitat quality assessment 
  using land snails as model in {H}ungarian forest reserves]},
  Journal = {\'{A}llattani K\"{o}zlem\'{e}nyek},
  Year = {2011},
  Volume = {96},
  Pages = {89--100},
  Note = {In Hungarian with English summary},
}

@article{ silvertown2011:paperpr,
Author = {Silvertown, J. and Cook, L. and Cameron, R. and Dodd, M.
   and McConway, K. and Worthington, J. and Skelton, P. and
   Anton, C. and Bossdorf, O. and Baur, B. and Schilthuizen, M.
   and Fontaine, B. and Sattmann, H. and Bertorelle, G.
   and Correia, M. and Oliveira, C. and Pokryszko, B. and Ozgo,
   M. and Stalazas, A. and Gill, E. and Rammul, U. and
   {\psolymos} and Feh\'{e}r, Z. and Juan, X.},
Title = {Citizen science reveals unexpected continental-scale evolutionary change
   in a model organism},
Journal = {{PLoS ONE}},
Year = {2011},
Volume = {6},
Number = {4},
Pages = {e18927},
}


@article{ solymos2010:paperpr,
  Author = {{\psolymos}},
  Title = {dclone: data cloning in {R}},
  Journal = {R Journal},
  Year = {2010},
  Volume = {2},
  Number = {2},
  Pages = {29--37},
}


@article{ feher2010:paperpr,
  Author = {Feh\'{e}r, Z. and Deli, T. and {\psolymos}},
  Title = {Revision of \emph{{G}ranaria frumentum} ({D}raparnaud 1801) 
    ({M}ollusca, {G}astropoda,
     {C}hondrinidae) subspecies occurring in the eastern part of the 
     species' range},
  Journal = {Journal of Conchology},
  Year = {2010},
  Volume = {40},
  Number = {2},
  Pages = {201--217},
}


@article{ solymos2009a:paperpr,
  Author = {{\psolymos}},
  Title = {Processing ecological data in {R} with the mefa package},
  Journal = {Journal of Statistical Software},
  Year = {2009},
  Volume = {29},
  Number = {8},
  Pages = {1--28},
}

@article{ solymos2009b:paperpr,
  Author = {{\psolymos} and \studentname{Kemencei, Z.} and \studentname{P\'{a}ll-Gergely, B.} 
   and Farkas, R. and Vilisics, F. and Hornung, E.},
  Title = {Does shell accumulation matter in micro-scale land snail surveys?},
  Journal = {Malacologia},
  Year = {2009},
  Volume = {51},
  Number = {2},
  Pages = {389--393},
}

@article{ solymos2009c:paperpr,
  Author = {{\psolymos} and Vilisics, F. and \studentname{Kemencei, Z.} and 
    \studentname{P\'{a}ll-Gergely, B.} and Farkas, R. and Nagy, A.
    and Kisfali, M. and Hornung, E.},
  Title = {Glob\'{a}lis v\'{a}ltoz\'{a}s, lok\'{a}lis t\'{u}l\'{e}l\'{e}s: 
    kitetts\'{e}g \'{e}s nedvess\'{e}gi gr\'{a}diens hat\'{a}sa avarlak\'{o}
    gerinctelenekre 
    [{G}lobal change, local survival: effects of aspect and moisture on
    epigeic invertebrate communities]},
  Journal = {Term\'{e}szetv\'{e}delmi K\"{o}zlem\'{e}nyek},
  Year = {2009},
  Volume = {15},
  Pages = {396--411},
  Note = {In Hungarian with English summary},
}


@article{ hormung2009:paperpr,
  Author = {Hornung, E. and Vilisics, F. and {\psolymos}},
  Title = {\'{A}szkar\'{a}k egy\"{u}ttesek ({C}rustacea, {I}sopoda, {O}niscidea)
    felhaszn\'{a}lhat\'{o}s\'{a}ga az \'{e}l{\H{o}}helyek 
    term\'{e}szetess\'{e}g\'{e}nek min{\H{o}}s\'{i}t\'{e}s\'{e}ben 
    [{T}he use of woodlice assemblages ({C}rustacea, {I}sopoda, {O}niscidea) 
    in the assessment of habitat naturalness]},
  Journal = {Term\'{e}szetv\'{e}delmi K\"{o}zlem\'{e}nyek},
  Year = {2009},
  Volume = {15},
  Pages = {381--395},
  Note = {In Hungarian with English summary},
}

@article{ solymos2009d:paperpr,
  Author = {{\psolymos} and Farkas, R. and \studentname{Kemencei, Z.} and
    \studentname{P\'{a}ll-Gergely, B.} and Vilisics, F. and Nagy, A.
    and Kisfali, M. and Hornung, E.},
  Title = {Micro-habitat scale survey of land snails in 
    dolines of the {A}ls\'{o}-hegy, {A}ggtelek {N}ational {P}ark, {H}ungary},
  Journal = {Mollusca},
  Year = {2009},
  Volume = {27},
  Pages = {167--171},
}

@article{ pallgergely2009:paperpr,
  Author = {\studentname{P\'{a}ll-Gergely, B.} and {\psolymos}},
  Title = {Ants as shell collectors: notes on land snail 
    shells found around ant nests},
  Journal = {Malacologica Bohemoslovaca},
  Year = {2009},
  Volume = {8},
  Pages = {14--18},
}

@article{ solymos2008a:paperpr,
  Author = {{\psolymos}},
  Title = {mefa: an {R} package for handling and reporting count data},
  Journal = {Community Ecology},
  Year = {2008},
  Volume = {9},
  Number = {1},
  Pages = {125--127},
}

@article{ solymos2008b:paperpr,
  Author = {{\psolymos}},
  Title = {Quantitative biogeographic characterization of 
    {H}ungary based on the distribution data of land snails ({M}ollusca,
    {G}astropoda): a case of nestedness of species ranges with 
    extensive overlap of biotic elements},
  Journal = {Acta Zoologica Academiae Scientiarum Hungaricae},
  Year = {2008},
  Volume = {54},
  Number = {3},
  Pages = {269--287},
}

@article{ solymos2008c:paperpr,
  Author = {{\psolymos} and Vilisics, F. and Hornung, E.},
  Title = {Terepi adatlap a hazai epigeikus 
    makrogerinctelenek elterjed\'{e}s\'{e}nek \'{e}s 
    \'{e}l{\H{o}}helyi preferenci\'{a}j\'{a}nak vizsg\'{a}lat\'{a}ra 
    [{D}atasheet for habitat feature assessment of field surveys 
    on epigeic macroinvertebrates]},
  Journal = {\'{A}llattani K\"{o}zlem\'{e}nyek},
  Year = {2008},
  Volume = {93},
  Pages = {39--46},
  Note = {In Hungarian with English summary},
}


@article{ vilisics2008:paperpr,
  Author = {Vilisics, F. and Nagy, A. and {\psolymos} and Farkas, R.
    and \studentname{Kemencei, Z.} and \studentname{P\'{a}ll-Gergely, B.}
     and Kisfali, M. and Hornung, E.},
  Title = {Data on the terrestrial {I}sopoda fauna of the {A}ls\'{o}-hegy, 
    {A}ggtelek {N}ational {P}ark, {H}ungary},
  Journal = {Folia Faunistica Slovaca},
  Year = {2008},
  Volume = {13},
  Pages = {9--12},
}


@article{ nagy2007:paperpr,
  Author = {Nagy, A. and {\psolymos} and R\'{a}cz, I. A.},
  Title = {A test on the effectiveness and selectivity of 
    three sampling methods frequently used in orthopterological 
    field studies},
  Journal = {Entomologica Fennica},
  Year = {2007},
  Volume = {18},
  Number = {3},
  Pages = {149--159},
}

@article{ solymos2007a:paperpr,
  Author = {{\psolymos}},
  Title = {Are current protections of land snails in {H}ungary relevant to
   conservation?},
  Journal = {Biodiversity and Conservation},
  Year = {2007},
  Volume = {16},
  Number = {2},
  Pages = {347--356},
}

@article{ solymos2007b:paperpr,
  Author = {{\psolymos}},
  Title = {Geographic and taxonomic bias in land snail 
    distribution data of {H}ungary},
  Journal = {Community Ecology},
  Year = {2007},
  Volume = {8},
  Number = {2},
  Pages = {239--246},
}

@article{ solymos2007c:paperpr,
  Author = {{\psolymos} and B\'{a}ldi, A.},
  Title = {\'{A}ll\'{o}k\'{e}pek egy fejl{\H{o}}d{\H{o}}
    tudom\'{a}nyter\"{u}letr{\H{o}}l: 
    a {M}agyar {T}erm\'{e}szetv\'{e}delmi {B}iol\'{o}giai {K}onferenci\'{a}k 
    tanuls\'{a}gai 
    [{S}napshots of a dynamic discipline: 
    lessons of the {H}ungarian {C}onservation {B}iology {C}onferences]},
  Journal = {Term\'{e}szetv\'{e}delmi K\"{o}zlem\'{e}nyek},
  Year = {2007},
  Volume = {13},
  Pages = {17--26},
  Note = {Editorial, in Hungarian with English summary},
}

@article{ solymos2007d:paperpr,
  Author = {{\psolymos} and Feh\'{e}r, Z. and Varga, A.},
  Title = {A hazai puhatest{\H{u}}ek ({M}ollusca) 
    \'{e}l{\H{o}}hely- \'{e}s fajmeg{\H{o}}rz\'{e}si priorit\'{a}sai 
    [{S}etting priorities for mollusc species and their habitats in {H}ungary]},
  Journal = {Term\'{e}szetv\'{e}delmi K\"{o}zlem\'{e}nyek},
  Year = {2007},
  Volume = {13},
  Pages = {379--392},
  Note = {In Hungarian with English summary},
}

@article{ solymos2005:paperpr,
  Author = {{\psolymos} and Feh\'{e}r, Z.},
  Title = {Conservation prioritization based on distribution of land snails in
   {H}ungary},
  Journal = {Conservation Biology},
  Year = {2005},
  Volume = {19},
  Number = {4},
  Pages = {1084--1094},
}

@article{ vilisics2005:paperpr,
  Author = {Vilisics, F. and {\psolymos} and Hornung, E.},
  Title = {Measuring fluctuating asymmetry of the terrestrial isopod \emph{{T}rachelipus
   rathkii} ({C}rustacea: {I}sopoda, {O}niscidea)},
  Journal = {European Journal of Soil Biology},
  Year = {2005},
  Volume = {41},
  Number = {3--4},
  Pages = {85--90},
}

@article{ solymos2004:paperpr,
  Author = {{\psolymos}},
  Title = {Magyarorsz\'{a}g sz\'{a}razf\"{o}ldi {M}ollusca-faun\'{a}j\'{a}nak 
    ritkas\'{a}gon alapul\'{o} \'{e}rt\'{e}kel\'{s}se 
    \'{e}s alkalmaz\'{a}si lehet{\H{o}}s\'{e}gei 
    [{T}he assessment of the {H}ungarian land molluscs based on their 
    rarity, and its applications]},
  Journal = {Term\'{e}szetv\'{e}delmi K\"{o}zlem\'{e}nyek},
  Year = {2004},
  Volume = {11},
  Pages = {349--358},
  Note = {In Hungarian with English summary},
}

@article{ solymos2002:paperpr,
  Author = {{\psolymos} and S\"{u}megi, P. and Domokos, T.},
  Title = {A h\'{e}j morfo-h{\H{o}}m\'{e}r{\H{o}} m\'{o}dszer \'{e}s 
    alkalmaz\'{a}sai a paleo\"{o}kol\'{o}gi\'{a}ban
    [{T}he shell morpho thermometer method and its applications in
    palaeoecology]},
  Journal = {F\"{o}ldtani K\"{o}zl\"{o}ny},
  Year = {2002},
  Volume = {132},
  Pages = {257--263},
  Note = {In Hungarian with English summary},
}

