1.	Silvertown, J., Cook, L., Cameron, R., Dodd, M., McConway, K., Worthington, J., Skelton, P., Anton, C., Bossdorf, O., Baur, B., Schilthuizen, M., Fontaine, B., Sattmann, H., Bertorelle, G., Correia, M., Oliveira, C., Pokryszko, B., Ozgo, M., Stalažs, A., Gill, E., Rammul, Ü., Sólymos, P., Fehér, Z., Juan, X. (2011) Data from: Citizen science reveals unexpected continental-scale evolutionary change in a model organism. Dryad Digital Repository. doi:10.5061/dryad.p7h802r0
2.	Sólymos, P., Kemencei, Z., Farkas, R. & Páll-Gergely, B. (2009): Full data set of land snails from the Dolina 2007 project collected by time restricted search. Dataverse Network, hdl:1902.1/12731
3.	Sólymos, P. & Zita Kemencei, Z. (2008) Methodological study data set of land snails from the Dolina 2007 project. Dataverse Network, hdl:1902.1/12060
