
@article{ solymos2013:letterpr,
  Author = {{\psolymos} and Burton, C. and Herbers, J. and Boutin, S. and
   Schieck, J.},
  Title = {Is accurate location information necessary for repeatability in
   field-based ecology?},
  Journal = {Frontiers in Ecology and the Environment},
  Year = {2013},
  Volume = {11},
  Number = {4},
  Pages = {178--179},
}

@article{ haughland2010:letterpr,
Author = {Haughland, D. L. and Hero, J.-M. and Schieck, J. and Castley, J.
   G. and Boutin, S. and {\psolymos} and Lawson, B. E. and Holloway,
   G. and Magnusson, W. E.},
Title = {Planning forwards: biodiversity research and monitoring systems for
   better management},
Journal = {Trends in Ecology \& Evolution},
Year = {2010},
Volume = {25},
Number = {4},
Pages = {199--200},
}
