@InProceedings{ hornung2008:procpr,
    author="Hornung, E.
        and Vilisics, F.
        and {\psolymos}",
    editor="M, Zimmer
    and Charfi-Cheikhrouha, F.
    and Taiti, S.",
    title="Low alpha and high beta diversity in terrestrial isopod assemblages in the 
        {T}ransdanubian region of {H}ungary",
    booktitle="{P}roceedings of the {I}nternational {S}ymposium 
        on {T}errestrial {I}sopod {B}iology: {ISTIB-07}",
    year="2008",
    publisher="Shaker Verlag",
    address="Aachen, Germany",
    pages="1--11",
}

@InProceedings{ solymos2007:procpr,
    author="{\psolymos}
        and \studentname{Czentye, I.}
        and \studentname{Tutkovics, B.}",
    editor="K, Tajovsk\'{y}
        and J, Schlaghamersk\'{y}
        and V, Pi\v{z}l",
    title="A comparison of soil sampling and direct search in malacological field inventories",
    year="2007",
    booktitle="Contributions to soil zoology in central {E}urope {II}.",
    publisher="Institute of Soil Biology, Biology Centre, Academy of Sciences of the Czech Republic",
    address="Ceske Budejovice",
    pages="161--163",
}

@InProceedings{ vilisics2007:procpr,
    author="Vilisics, F.
        and {\psolymos}
        and Hornung, E.",
    editor="K, Tajovsk\'{y}
        and J, Schlaghamersk\'{y}
        and V, Pi\v{z}l",
    title="A preliminary study on habitat features and associated terrestrial isopod species",
    year="2007",
    booktitle="Contributions to soil zoology in central {E}urope {II}.",
    publisher="Institute of Soil Biology, Biology Centre, Academy of Sciences of the Czech Republic",
    address="Ceske Budejovice",
    pages="195--199"
}

