1.	Bayne, E., Sólymos, P., Matsuoka, S., Stralberg, D., Fontaine, T., Cumming, S., Schmiegelow, F. & Song, S. (2012): Estimating population sizes of landbirds from non-standardized point-count surveys in North America’s boreal forest: making the most of a potentially messy situation. Abstract Book, 5th North American Ornithological Conference (NAOC-V) in Vancouver, British Columbia, Canada, August 13-19, 2012. p 52. [oral presentation]
2.	Stralberg, D., Bayne, E., Schmiegelow, F., Sólymos, P., Cumming, S., Matsuoka, S., Fontaine, T., & Song, S. (2012): Forest passerine distribution models and climate change projections for boreal North America: addressing challenges and uncertainties. Abstract Book, 5th North American Ornithological Conference (NAOC-V) in Vancouver, British Columbia, Canada, August 13-19, 2012. p 317. [oral presentation]
3.	Burton, C., Huggard, D., Schieck, J., Sólymos, P., Bayne, E. & Boutin, S. (2012): A framework for monitoring the cumulative effects of human footprint on biodiversity. Congress Abstracts, The Inaugural SCB North American Congress for Conservation Biology, Oakland, California, July 15-18, 2012. p 31. [oral presentation]
4.	Mahon, C. L., Bayne, E. M., Sólymos, P., Matsuoka, S. M., Carlson, M. & Dzus, E. (2012): Does expected future habitat condition support proposed population objectives for boreal landbirds in Bird Conservation Region 6 - Boreal Taiga Plains. ESA 97th Annual Meeting, Portland, Oregon, August 5-10, 2012. [oral presentation]
5.	Sólymos, P., Bayne, E. & Lele, S. (2010): Correcting biodiversity intactness indices for imperfect detection of species. ICCB 2010, Edmonton, Canada, p. 101. [speed presentation]
6.	Kemencei, Z., Sólymos, P., Vilisics, F. & Hornung, E. (2010): Habitat quality assessment based on species rarity: case study of land snails in Hungarian forest reserves. ICCB 2010, Edmonton, Canada, p. 141. [poster presentation]
7.	Kemencei, Z., Sólymos, P., Farkas, R., Páll-Gergely, B., Vilisics, F. & Hornung, E. (2009): Key habitats on micro-scale: where rare species are common. ECCB, Prague, Book of Abstracts, September 1-5, 2009, p. 183. [poster presentation]
8.	Vilisics, F., Sólymos, P., Kemencei, Z., Nagy, A., Farkas, R. Hornung, E. (2009): Contrasting responses to environmental factors in generalist and specialist terrestrial isopods - Abstract book, 10th Central European Workshop on Soil Zoology, Ceske Budejovice, April 21-24, 2009. p. 91. [poster presentation]
9.	Kemencei, Z., Sólymos, P., Páll-Gergely, B., Vilisics, F., Hornung, E. (2009): Effects of shell accumulation in micro-scale land snail surveys - Abstract book, 10th Central European Workshop on Soil Zoology, Ceske Budejovice, April 21-24, 2009. p. 37. [poster presentation]
10.	Kemencei, Z., Sólymos, P., Páll-Gergely, B., Farkas, R., Vilisics, F. & Hornung, E. (2009): Land snails on micro scales: interesting patterns and methodological challenges. Molluscan Forum 2008, London, UK, The Malacologist -- The Bulletin of the Malacological Society of London, Vol. 52, February 2009 [oral presentation]
1.	Lele, S. & Sólymos, P. (2012): Data cloning based estimability diagnostics and model selection for composite likelihood methods: Theory with application in modeling ecological communities. BIRS Meeting, Banff, AB, ... [oral presentation]
2.	Sólymos, P., Lele, S., Moreno, M. & Bayne, E. (2009): Correcting occurrences for detection error: a case study using bird data of the Alberta Biodiversity Monitoring Institute. Society of Canadian Ornithologists - 2009 Annual Conference, August 20-23, 2009, Edmonton, Canada, Program and Abstracts, pp. 29-30. [oral presentation]
1.	Kemencei, Z., Hornung, E., Vilisics, F. & Sólymos, P. (2010): Élohelyek természetvédelmi értékelése szárazföldi csigák segítségével erdorezervátumok példáján bemutatva. 4. Szünzoológiai Szimpózium, Budapest, 2010. április 9., Program, Eloadások és poszterek összefoglalói, p. 14. [oral presentation]
2.	Kisfali, M., Nagy, A., Sólymos, P. & Rácz, I. A. (2010): A Pseudopodisma Mistshenko, 1947 genusz (Orthoptera: Acrididae) morfometriai vizsgálata. 4. Szünzoológiai Szimpózium, Budapest, 2010. április 9., Program, Eloadások és poszterek összefoglalóiBudapest, p. 15. [poster presentation]
3.	Kemencei, Z., Sólymos, P., Páll-Gergely, B., Farkas, R., Vilisics, F. & Hornung, E. (2009): Csigafajok élo egyedszámának modellezése üres héjak alapján. 8. Magyar Ökológus Kongresszus, Eloadások és poszterek összefoglalói, Szeged, Hungary, August 26-28, 2009, p. 106. [poster presentation]
4.	Kemencei, Z., Sólymos, P., Vilisics, F., Hornung, E. (2009): Szárazföldi csigák mikroskálán: kulcsélohelyek és gyujtési módszerek - MTA-ÁODI beszámolók, p. 23. [oral presentation]

