@article{ barker2015:subm,
  Author = {Nicole K. S. Barker and 
      Patricia C. Fontaine and 
      Steve G. Cumming and
      Diana Stralberg and
      Alana Westwood and
      Erin M. Bayne and
      {\psolymos} and 
      Fiona K. A. Schmiegelow and
      Samantha J. Song },
  Title = {Ecological monitoring through harmonizing existing data: 
      Lessons from the {B}oreal {A}vian {M}odelling {P}roject},
  Journal = {Wildlife Society Bulletin},
  Year = {under review},
  Volume = {xx},
  Pages = {xx--xx},
}

@article{ kisfali2014:subm,
  Author = {Kisfali, M. and
      {\psolymos} and
      Nagy, A. and
      R\'{a}cz, I. A. and
      Horv\'{a}th, O. and
      Sramk\'{o}, G.},
  Title = {A morphometric and molecular study of the genus 
    \emph{{P}seudopodisma} {M}istshenko, 1947 ({O}rthoptera: {A}crididae)},
  Journal = {Zootaxa},
  Year = {under revision},
  Volume = {xx},
  Pages = {xx--xx},
}

