1.	Nadeem, K. & Sólymos, P. (2012): PVAClone: Population Viability Analysis with Data Cloning. R package version 0.1-0. URL http://cran.r-project.org/package=PVAClone
2.	Lele, S. L., Keim, J. L. & Sólymos, P. (2011): ResourceSelection: Resource Selection (Probability) Functions for Use-Availability Data. R package Version 0.1-4. URL: http://cran.r-project.org/web/packages/ResourceSelection
3.	Lemon, J., Bolker, B., Oom, S., Klein, E., Rowlingson, B., Wickham, H., Tyagi, A., Eterradossi, O., Grothendieck, G., Toews, M., Kane, J., Turner, R., Witthoft, C., Stander, J., Petzoldt, T., Duursma, R., Biancotto, E., Levy, O., Dutang, C., Sólymos, P., Engelmann, R., Hecker, M., Steinbeck, F., Borchers, H., Singmann, H. & Toal, T. (2012): plotrix: Lots of plots, various labeling, axis and color scaling functions. R package Version 3.4-2. URL: URL: http://cran.r-project.org/web/packages/plotrix
4.	Oksanen, J., Blanchet, F. G., Kindt, R., Legendre, P., Minchin, P. R., O'Hara, R. B., Simpson, G. L., Sólymos, P., Stevens, M. H. H. & Wagner, H. (2012): vegan: Community Ecology Package. R package Version 2.0-4. URL: http://cran.r-project.org/web/packages/vegan
5.	Sólymos, P. (2011): mefa: Multivariate Data Handling in Ecology and Biogeography. R package Version 3.2-2. URL: http://cran.r-project.org/web/packages/mefa
6.	Sólymos, P. (2012): mefa4: Multivariate Data Handling with S4 Classes and Sparse Matrices. R package Version 0.2-8. URL: http://cran.r-project.org/web/packages/mefa4
7.	Sólymos, P. (2012): dclone: Data Cloning and MCMC Tools for Maximum Likelihood Methods. R package Version 1.8-0. URL: http://cran.r-project.org/web/packages/dclone
8.	Sólymos, P. (2012): dcmle: Hierarchical Models Made Easy with Data Cloning. R package Version 0.2-2. URL: http://cran.r-project.org/web/packages/dcmle
9.	Sólymos, P. (2010): sharx: Models and Data Sets for the Study of Species-Area Relationships. R package Version 1.0-0. URL: http://cran.r-project.org/web/packages/sharx
10.	Sólymos, P., Moreno, M. & Lele, S. R. (2012): detect: Analyzing Wildlife Data with Detection Error. R package Version 0.2-2. URL: http://cran.r-project.org/web/packages/detect
11.	Sólymos, P. (2012): pbapply: Adding Progress Bar to '*apply' Functions. R package Version 1.0-5. URL: http://cran.r-project.org/web/packages/pbapply
