1.	Tóthmérész, B. & Sólymos, P. (eds.) (2008): MÖTE Hírlevél. 2008/2., 10 p. [Newsletter of the Hungarian Ecological Society]
2.	Lengyel, Sz., Mihók, B., Lendvai, Á. Z. & Sólymos, P. (eds.) (2008): „Molekuláktól a globális folyamatokig” - V. Magyar Természetvédelmi Biológiai Konferencia, Program és absztrakt-kötet. Nyíregyháza, 2008. november 6-9., 159 p. [Abstracts of the 5th Hungarian Conservation Biological Conference]
3.	Tóthmérész, B. & Sólymos, P. (eds.) (2008): MÖTE Hírlevél. 2008/1., 9 p. [Newsletter of the Hungarian Ecological Society]
4.	Sólymos, P. (ed.) (2007): A 3. Kvantitatív Ökológiai Szimpózium program és absztrakt kötete. Budapest, 37 p. [Program and abstracts of the 3rd Quantitative Ecological Symposia]
5.	Tóthmérész, B. & Sólymos, P. (eds.) (2007): MÖTE Hírlevél. 2007/2., 6 p. [Newsletter of the Hungarian Ecological Society]
6.	Sólymos, P. (ed.) (2007): A III. Magyar Természetvédelmi Biológiai Konferencia kötete. Természetvédelmi Közlemények. 452 p. [Proceedings of the 3rd Hungarian Conservation Biological Conference]
7.	Tóthmérész, B. & Sólymos, P. (eds.) (2007): MÖTE Hírlevél. 2007/1., 5 p. [Newsletter of the Hungarian Ecological Society]
8.	Sólymos, P. (ed.) (2006): MÖTE Hírlevél. 2006/2., 9 p. [Newsletter of the Hungarian Ecological Society]
9.	Sólymos, P. (ed.) (2006): MÖTE Hírlevél. 2006/1., 6 p. [Newsletter of the Hungarian Ecological Society]
10.	Lengyel, Sz., Sólymos, P. & Klein, Á. (eds.) (2005): A III. Magyar Természetvédelmi Biológiai Konferencia Program és Absztrakt kötete. Eger, 248 p. [Abstracts of the 3rd Hungarian Conservation Biological Conference]
