@InProceedings{ solymos2014:inbook,
  author="{\psolymos}",
  year="2014", 
  title="Puhatest{\H{u}}ek ({M}ollusca) t{\"{o}}rzse [{P}hylum {M}ollusca]", 
  editor="R\'{o}zsa, L. and Papp, L. and Varga, Z.", 
  booktitle="Zootaxon\'{o}mia [{Z}ootaxonomy]", 
  publisher="Pars {K}ft.",
  address="Nagykov\'{a}csi, Hungary", 
  pages="xx--xx",
  note="{I}n {H}ungarian, in press",
}

@InProceedings{ nagy2014:inbook,
  author="A. Nagy and {\psolymos}",
  year="2014",
  title="A fajsz\'{a}m-ter{\"{u}}let {\"{o}}sszef{\"{u}}gg\'{e}s 
      \'{e}s a kis-sziget hat\'{a}s 
      jelenl\'{e}t\'{e}nek vizsg\'{a}lata az {A}ggteleki-karszt 
      fenns\'{i}ki \'{e}l{\H{o}}hely-szigeteinek {O}rthoptera egy{\"{u}}tteseiben
      [{S}pecies-area relationship and small island effect
      in {O}rthoptera assemblages of the habitat islands 
      of the {A}ggtelek {K}arst, {H}ungary]",
  editor="T\'{o}th, V.", 
  booktitle="{K}utat\'{a}sok az {A}ggteleki {N}emzeti {P}arkban {II}. 
    [{R}esearches in {A}ggtelek {N}ational {P}ark and 
    {B}iosphere {R}eserve {II}.]", 
  publisher="{A}ggteleki {N}emzeti {P}ark {I}gazgat\'{o}s\'{a}g",
  address="J\'{o}svaf{\H{o}}, Hungary", 
  pages="101--110",
  note="{I}n {H}ungarian with {E}nglish summary",
}

@InProceedings{ solymos2007:inbook,
  author="{\psolymos} and Feh\'{e}r, Z.",
  year="2007", 
  title="Magyarorsz\'{a}g puhatest{\H{u}}inek term\'{e}szetv\'{e}delmi
    c\'{e}l\'{u} oszt\'{a}lyoz\'{a}sa 
    [{C}onservation classification of {H}ungarian molluscs]", 
  editor="Forr\'{o}, L.", 
  booktitle="A K\'{a}rp\'{a}t-medence \'{a}llatvil\'{a}g\'{a}nak kialakul\'{a}sa 
    [Genesis of the fauna of the {C}arpathian {B}asin]", 
  publisher="Hungarian Natural History Museum",
  address="Budapest, Hungary", 
  pages="329--338",
  note="{I}n {H}ungarian",
}

@InProceedings{ solymos2005:inbook,
  author="{\psolymos} and Elek, Z.",
  year="2005", 
  title="Preliminary results on the environmental 
    reconstruction of the {S}z\'{a}zhalombatta-{F}{\"{o}}ldv\'{a}r 
    {B}ronze {A}ge tell-site: recent infuence in the 
    invertebrate animal material (molluscs and insects)", 
  editor="Poroszlai, I. and Vicze, M.", 
  booktitle="{S}z\'{a}szhalombatta {A}rchaeological {E}xpedition, {R}eport 2", 
  publisher="``{M}atrica'' {M}useum",
  address="Sz\'{a}zhalombatta, {H}ungary", 
  pages="181--186",
}

