1.	Sólymos, P. (2010): A Primer of Ecology with R by STEVENS, M. H. H. Biometrics, 66: 1309-1310.
