1.	Fehér, Z., Majoros, G., Ötvös, S. & Sólymos, P. (2011): Proposed re-introduction of the endangered black nerite (Theodoxus prevostianus, Mollusca, Neritidae) in Hungary. Tentacle, 19: 36-39.
2.	Sólymos, P. (2008): Ott volt-e akit nem láttam? MÖTE Hírlevél, 2008/2, p. 8.
3.	Sólymos, P. & Fehér, Z. (2008): Közelgo Darwin bicentenárium - Evolution MegaLab. MÖTE Hírlevél, 2008/2, p. 3-4.
4.	Sólymos, P. & Fehér, Z. (2008): The 'mefa' package: a tool for reproducible data processing in biogeography. IBS Newsletter Spring 2008
5.	Sólymos, P. (2008): KÖSzi 2008. MÖTE Hírlevél, 2008/1, p. 4-5.
6.	Sólymos, P. (2008): From malacological records to analysis: an R package for handling and reporting count data. Tentacle, 16: 26.
7.	Sólymos, P. (2007): Beszámoló a 2007-es World Congress of Malacology-ról [Report on the World Congress of Malacology 2007]. MÖTE Hírlevél, 2007/1, p. 3.
8.	Sólymos, P. & Páll-Gergely, B. (2007): Unusually rich land snail fauna in coniferous forest, Slatioara, Romania. Tentacle, 15: 6-7.
9.	Sólymos, P., Fehér, Z. & Varga, A. (2006): Mollusc conservation in Hungary: rarity, regionality and responsibility. Tentacle, 14: 13-14.
10.	Sólymos, P. (2004): Szárazföldi csigák térbeli terjedésének modellezése [Modelling dispersal of land snails]. Pro Scientia Aranyérmesek VII. Tudományos Konferenciája. Gödöllo. Eloadások. pp. 151-154.
11.	Sólymos, P. & Fehér, Z. (2003): Ritkaság, fajgazdagság és forró pontok a hazai csiga-faunában [Rarity, richness and hotspots in the Hungarian land snail fauna]. Pro Scientia Aranyérmesek VI. Konferenciája, Miskolc. Eloadások. pp. 165-168.
12.	Sólymos, P. (2002): The Molluscan Forum 2002 – Beszámoló a 2002-es Mollusca Fórumról. Soosiana, 30: 5-6.
13.	Sólymos, P. (2001): Account on the Molluscan Forum 2001 – Beszámoló a 2001-es Mollusca Fórumról. Soosiana, 29: 5-6.
14.	Sólymos, P. (2000): Hazai Truncatellina fajok (puhatestuek) élohely-preferenciájának vizsgálata a Villányi-hegységben [Habitat preferences of Truncatellina (Mollusca) species in the Villany Hills]. Pro Scientia Aranyérmesek V. Tudományos Konferenciája. Sopron. Eloadások. p. 187-189.
